@article{Wills99,
    author = "Graham Wills",
    title = "NicheWorks -- Interactive Visualization of Very Large Graphs",
    year = 1999,
    journal = "Journal of Computational and Graphical Statistics",
    volume = 8,
    number = 2,
    pages = "190--212" }

