@Book{pennington99,
  author =	 {Havoc Pennington},
  title = 	 {GTK+/Gnome Application Development},
  publisher = 	 {New Riders},
  year = 	 1999
}



@Misc{gtkTutorial,
  author =	 {Tony Gale and Ian Main and the GTK Team},
  title =	 {Gtk+2.0 Tutorial},
  howpublished = {URI},
  year =	 2005
}

