@article{Wills99,
    author = "Graham Wills",
    title = "NicheWorks -- Interactive Visualization of Very Large Graphs",
    year = 1999,
    journal = "Journal of Computational and Graphical Statistics",
    volume = 8,
    number = 2,
    pages = "190--212" }

@article{GansnerNorth00,
    author = "Emden R. Gansner and Stephen C. North",
    title = "An open graph visualization system and its applications to
      software engineering",
    year = "2000",
    journal = "Software~--~Practice and Experience",
    volume = "30",
    number = "11",
    pages = "1203--1233" }
