@Book{pennington99,
  author =	 {Havoc Pennington},
  title = 	 {GTK+/Gnome Application Development},
  publisher = 	 {New Riders},
  year = 	 1999
}



@Misc{gtkTutorial,
  author =	 {Tony Gale and Ian Main},
  title =	 {Gtk+1.2 Tutorial},
  howpublished = {URI},
  month =	 {March},
  year =	 2001
}

